@ARTICLE{wobble,
       author = {{Bedell}, Megan and {Hogg}, David W. and {Foreman-Mackey}, Daniel and
         {Montet}, Benjamin T. and {Luger}, Rodrigo},
        title = "Wobble: A Data-driven Analysis Technique for Time-series Stellar Spectra",
      journal = {\aj},
         year = 2019,
        month = oct,
       volume = {158},
       number = {4},
          eid = {164},
        pages = {164},
          doi = {10.3847/1538-3881/ab40a7},
archivePrefix = {arXiv},
       eprint = {1901.00503},
 primaryClass = {astro-ph.IM},
       adsurl = {https://ui.adsabs.harvard.edu/abs/2019AJ....158..164B},
      adsnote = {Provided by the SAO/NASA Astrophysics Data System}
}
